<?xml version="1.0" encoding="UTF-8"?><collection xmlns="http://www.loc.gov/MARC21/slim"><record><leader>00551nam--2200193-i-4500</leader><controlfield tag="001">000028266</controlfield><controlfield tag="002">20161230</controlfield><controlfield tag="005">20161230201037</controlfield><controlfield tag="008">060222s1000------------r-----000-0-eng-d</controlfield><datafield ind1=" " ind2=" " tag="040"><subfield code="a">IFIN-HH</subfield></datafield><datafield ind1=" " ind2=" " tag="080"><subfield code="a">801.323.1+802.0+800.935.62:519</subfield></datafield><datafield ind1="1" ind2=" " tag="100"><subfield code="a">Kendall, Maurice G</subfield></datafield><datafield ind1="1" ind2="0" tag="245"><subfield code="a">A dictionary of statistical terms</subfield><subfield code="c">Maurice g. kendall, william r. buckland</subfield></datafield><datafield ind1=" " ind2=" " tag="250"><subfield code="a">Second Edition</subfield></datafield><datafield ind1=" " ind2=" " tag="260"><subfield code="a">Edinburgh</subfield><subfield code="b">Oliver And Boyd</subfield><subfield code="c">1967</subfield></datafield><datafield ind1=" " ind2=" " tag="300"><subfield code="a">XI+575P</subfield></datafield><datafield ind1="1" ind2=" " tag="700"><subfield code="a">Buckland, William R</subfield></datafield><datafield ind1=" " ind2=" " tag="852"><subfield code="a">D.388</subfield><subfield code="c">SLG</subfield></datafield><datafield ind1=" " ind2=" " tag="CAT"><subfield code="a">Sys</subfield><subfield code="c">20130211</subfield><subfield code="h">115614</subfield></datafield></record></collection>